%YAML 1.1
%TAG !u! tag:unity3d.com,2011:
--- !u!29 &1
OcclusionCullingSettings:
  m_ObjectHideFlags: 0
  serializedVersion: 2
  m_OcclusionBakeSettings:
    smallestOccluder: 5
    smallestHole: 0.25
    backfaceThreshold: 100
  m_SceneGUID: 00000000000000000000000000000000
  m_OcclusionCullingData: {fileID: 0}
--- !u!104 &2
RenderSettings:
  m_ObjectHideFlags: 0
  serializedVersion: 9
  m_Fog: 0
  m_FogColor: {r: 0.5, g: 0.5, b: 0.5, a: 1}
  m_FogMode: 3
  m_FogDensity: 0.01
  m_LinearFogStart: 0
  m_LinearFogEnd: 300
  m_AmbientSkyColor: {r: 0.212, g: 0.227, b: 0.259, a: 1}
  m_AmbientEquatorColor: {r: 0.114, g: 0.125, b: 0.133, a: 1}
  m_AmbientGroundColor: {r: 0.047, g: 0.043, b: 0.035, a: 1}
  m_AmbientIntensity: 0.5
  m_AmbientMode: 0
  m_SubtractiveShadowColor: {r: 0.42, g: 0.478, b: 0.627, a: 1}
  m_SkyboxMaterial: {fileID: 10304, guid: 0000000000000000f000000000000000, type: 0}
  m_HaloStrength: 0.5
  m_FlareStrength: 1
  m_FlareFadeSpeed: 3
  m_HaloTexture: {fileID: 0}
  m_SpotCookie: {fileID: 10001, guid: 0000000000000000e000000000000000, type: 0}
  m_DefaultReflectionMode: 0
  m_DefaultReflectionResolution: 128
  m_ReflectionBounces: 1
  m_ReflectionIntensity: 0
  m_CustomReflection: {fileID: 0}
  m_Sun: {fileID: 0}
  m_IndirectSpecularColor: {r: 0, g: 0, b: 0, a: 0}
  m_UseRadianceAmbientProbe: 0
--- !u!157 &3
LightmapSettings:
  m_ObjectHideFlags: 0
  serializedVersion: 12
  m_GIWorkflowMode: 1
  m_GISettings:
    serializedVersion: 2
    m_BounceScale: 1
    m_IndirectOutputScale: 1
    m_AlbedoBoost: 1
    m_EnvironmentLightingMode: 0
    m_EnableBakedLightmaps: 1
    m_EnableRealtimeLightmaps: 0
  m_LightmapEditorSettings:
    serializedVersion: 12
    m_Resolution: 2
    m_BakeResolution: 40
    m_AtlasSize: 1024
    m_AO: 0
    m_AOMaxDistance: 1
    m_CompAOExponent: 1
    m_CompAOExponentDirect: 0
    m_ExtractAmbientOcclusion: 0
    m_Padding: 2
    m_LightmapParameters: {fileID: 0}
    m_LightmapsBakeMode: 1
    m_TextureCompression: 1
    m_FinalGather: 0
    m_FinalGatherFiltering: 1
    m_FinalGatherRayCount: 256
    m_ReflectionCompression: 2
    m_MixedBakeMode: 2
    m_BakeBackend: 1
    m_PVRSampling: 1
    m_PVRDirectSampleCount: 32
    m_PVRSampleCount: 512
    m_PVRBounces: 2
    m_PVREnvironmentSampleCount: 256
    m_PVREnvironmentReferencePointCount: 2048
    m_PVRFilteringMode: 1
    m_PVRDenoiserTypeDirect: 1
    m_PVRDenoiserTypeIndirect: 1
    m_PVRDenoiserTypeAO: 1
    m_PVRFilterTypeDirect: 0
    m_PVRFilterTypeIndirect: 0
    m_PVRFilterTypeAO: 0
    m_PVREnvironmentMIS: 1
    m_PVRCulling: 1
    m_PVRFilteringGaussRadiusDirect: 1
    m_PVRFilteringGaussRadiusIndirect: 5
    m_PVRFilteringGaussRadiusAO: 2
    m_PVRFilteringAtrousPositionSigmaDirect: 0.5
    m_PVRFilteringAtrousPositionSigmaIndirect: 2
    m_PVRFilteringAtrousPositionSigmaAO: 1
    m_ExportTrainingData: 0
    m_TrainingDataDestination: TrainingData
    m_LightProbeSampleCountMultiplier: 4
  m_LightingDataAsset: {fileID: 112000000, guid: cdc360bbca8ef48089ff3e8cad9ffeb4,
    type: 2}
  m_LightingSettings: {fileID: 0}
--- !u!196 &4
NavMeshSettings:
  serializedVersion: 2
  m_ObjectHideFlags: 0
  m_BuildSettings:
    serializedVersion: 2
    agentTypeID: 0
    agentRadius: 0.5
    agentHeight: 2
    agentSlope: 45
    agentClimb: 0.4
    ledgeDropHeight: 0
    maxJumpAcrossDistance: 0
    minRegionArea: 2
    manualCellSize: 0
    cellSize: 0.16666667
    manualTileSize: 0
    tileSize: 256
    accuratePlacement: 0
    maxJobWorkers: 0
    preserveTilesOutsideBounds: 0
    debug:
      m_Flags: 0
  m_NavMeshData: {fileID: 0}
--- !u!4 &58679232 stripped
Transform:
  m_CorrespondingSourceObject: {fileID: 2129029250111156249, guid: 0df97c2c2532248ebb057d285912131d,
    type: 3}
  m_PrefabInstance: {fileID: 1720569925}
  m_PrefabAsset: {fileID: 0}
--- !u!1001 &59883438
PrefabInstance:
  m_ObjectHideFlags: 0
  serializedVersion: 2
  m_Modification:
    m_TransformParent: {fileID: 743924940}
    m_Modifications:
    - target: {fileID: 2129029250111156249, guid: 0df97c2c2532248ebb057d285912131d,
        type: 3}
      propertyPath: m_RootOrder
      value: 6
      objectReference: {fileID: 0}
    - target: {fileID: 2129029250111156249, guid: 0df97c2c2532248ebb057d285912131d,
        type: 3}
      propertyPath: m_LocalScale.x
      value: 3
      objectReference: {fileID: 0}
    - target: {fileID: 2129029250111156249, guid: 0df97c2c2532248ebb057d285912131d,
        type: 3}
      propertyPath: m_LocalScale.y
      value: 23
      objectReference: {fileID: 0}
    - target: {fileID: 2129029250111156249, guid: 0df97c2c2532248ebb057d285912131d,
        type: 3}
      propertyPath: m_LocalScale.z
      value: 30
      objectReference: {fileID: 0}
    - target: {fileID: 2129029250111156249, guid: 0df97c2c2532248ebb057d285912131d,
        type: 3}
      propertyPath: m_LocalPosition.x
      value: 54.3
      objectReference: {fileID: 0}
    - target: {fileID: 2129029250111156249, guid: 0df97c2c2532248ebb057d285912131d,
        type: 3}
      propertyPath: m_LocalPosition.y
      value: 30.6
      objectReference: {fileID: 0}
    - target: {fileID: 2129029250111156249, guid: 0df97c2c2532248ebb057d285912131d,
        type: 3}
      propertyPath: m_LocalPosition.z
      value: 0
      objectReference: {fileID: 0}
    - target: {fileID: 2129029250111156249, guid: 0df97c2c2532248ebb057d285912131d,
        type: 3}
      propertyPath: m_LocalRotation.w
      value: 0.97697514
      objectReference: {fileID: 0}
    - target: {fileID: 2129029250111156249, guid: 0df97c2c2532248ebb057d285912131d,
        type: 3}
      propertyPath: m_LocalRotation.x
      value: -0
      objectReference: {fileID: 0}
    - target: {fileID: 2129029250111156249, guid: 0df97c2c2532248ebb057d285912131d,
        type: 3}
      propertyPath: m_LocalRotation.y
      value: -0
      objectReference: {fileID: 0}
    - target: {fileID: 2129029250111156249, guid: 0df97c2c2532248ebb057d285912131d,
        type: 3}
      propertyPath: m_LocalRotation.z
      value: -0.2133534
      objectReference: {fileID: 0}
    - target: {fileID: 2129029250111156249, guid: 0df97c2c2532248ebb057d285912131d,
        type: 3}
      propertyPath: m_LocalEulerAnglesHint.x
      value: 0
      objectReference: {fileID: 0}
    - target: {fileID: 2129029250111156249, guid: 0df97c2c2532248ebb057d285912131d,
        type: 3}
      propertyPath: m_LocalEulerAnglesHint.y
      value: 0
      objectReference: {fileID: 0}
    - target: {fileID: 2129029250111156249, guid: 0df97c2c2532248ebb057d285912131d,
        type: 3}
      propertyPath: m_LocalEulerAnglesHint.z
      value: -24.638
      objectReference: {fileID: 0}
    - target: {fileID: 2129029250111156253, guid: 0df97c2c2532248ebb057d285912131d,
        type: 3}
      propertyPath: m_Name
      value: Obstacle (6)
      objectReference: {fileID: 0}
    m_RemovedComponents: []
  m_SourcePrefab: {fileID: 100100000, guid: 0df97c2c2532248ebb057d285912131d, type: 3}
--- !u!4 &363211572 stripped
Transform:
  m_CorrespondingSourceObject: {fileID: 2129029250111156249, guid: 0df97c2c2532248ebb057d285912131d,
    type: 3}
  m_PrefabInstance: {fileID: 1166247518}
  m_PrefabAsset: {fileID: 0}
--- !u!1001 &557440155
PrefabInstance:
  m_ObjectHideFlags: 0
  serializedVersion: 2
  m_Modification:
    m_TransformParent: {fileID: 743924940}
    m_Modifications:
    - target: {fileID: 2129029250111156249, guid: 0df97c2c2532248ebb057d285912131d,
        type: 3}
      propertyPath: m_RootOrder
      value: 1
      objectReference: {fileID: 0}
    - target: {fileID: 2129029250111156249, guid: 0df97c2c2532248ebb057d285912131d,
        type: 3}
      propertyPath: m_LocalScale.x
      value: 2
      objectReference: {fileID: 0}
    - target: {fileID: 2129029250111156249, guid: 0df97c2c2532248ebb057d285912131d,
        type: 3}
      propertyPath: m_LocalScale.y
      value: 11
      objectReference: {fileID: 0}
    - target: {fileID: 2129029250111156249, guid: 0df97c2c2532248ebb057d285912131d,
        type: 3}
      propertyPath: m_LocalScale.z
      value: 30
      objectReference: {fileID: 0}
    - target: {fileID: 2129029250111156249, guid: 0df97c2c2532248ebb057d285912131d,
        type: 3}
      propertyPath: m_LocalPosition.x
      value: -56.94
      objectReference: {fileID: 0}
    - target: {fileID: 2129029250111156249, guid: 0df97c2c2532248ebb057d285912131d,
        type: 3}
      propertyPath: m_LocalPosition.y
      value: 2.2
      objectReference: {fileID: 0}
    - target: {fileID: 2129029250111156249, guid: 0df97c2c2532248ebb057d285912131d,
        type: 3}
      propertyPath: m_LocalPosition.z
      value: 0.11
      objectReference: {fileID: 0}
    - target: {fileID: 2129029250111156249, guid: 0df97c2c2532248ebb057d285912131d,
        type: 3}
      propertyPath: m_LocalRotation.w
      value: 0.9172523
      objectReference: {fileID: 0}
    - target: {fileID: 2129029250111156249, guid: 0df97c2c2532248ebb057d285912131d,
        type: 3}
      propertyPath: m_LocalRotation.x
      value: -0.043019608
      objectReference: {fileID: 0}
    - target: {fileID: 2129029250111156249, guid: 0df97c2c2532248ebb057d285912131d,
        type: 3}
      propertyPath: m_LocalRotation.y
      value: 0.103220545
      objectReference: {fileID: 0}
    - target: {fileID: 2129029250111156249, guid: 0df97c2c2532248ebb057d285912131d,
        type: 3}
      propertyPath: m_LocalRotation.z
      value: 0.38228658
      objectReference: {fileID: 0}
    - target: {fileID: 2129029250111156249, guid: 0df97c2c2532248ebb057d285912131d,
        type: 3}
      propertyPath: m_LocalEulerAnglesHint.x
      value: -9.082001
      objectReference: {fileID: 0}
    - target: {fileID: 2129029250111156249, guid: 0df97c2c2532248ebb057d285912131d,
        type: 3}
      propertyPath: m_LocalEulerAnglesHint.y
      value: 9.117001
      objectReference: {fileID: 0}
    - target: {fileID: 2129029250111156249, guid: 0df97c2c2532248ebb057d285912131d,
        type: 3}
      propertyPath: m_LocalEulerAnglesHint.z
      value: 44.525
      objectReference: {fileID: 0}
    - target: {fileID: 2129029250111156253, guid: 0df97c2c2532248ebb057d285912131d,
        type: 3}
      propertyPath: m_Name
      value: Obstacle (1)
      objectReference: {fileID: 0}
    m_RemovedComponents: []
  m_SourcePrefab: {fileID: 100100000, guid: 0df97c2c2532248ebb057d285912131d, type: 3}
--- !u!4 &557440156 stripped
Transform:
  m_CorrespondingSourceObject: {fileID: 2129029250111156249, guid: 0df97c2c2532248ebb057d285912131d,
    type: 3}
  m_PrefabInstance: {fileID: 557440155}
  m_PrefabAsset: {fileID: 0}
--- !u!4 &560502100 stripped
Transform:
  m_CorrespondingSourceObject: {fileID: 2129029250111156249, guid: 0df97c2c2532248ebb057d285912131d,
    type: 3}
  m_PrefabInstance: {fileID: 2098787061}
  m_PrefabAsset: {fileID: 0}
--- !u!1001 &712812823
PrefabInstance:
  m_ObjectHideFlags: 0
  serializedVersion: 2
  m_Modification:
    m_TransformParent: {fileID: 0}
    m_Modifications:
    - target: {fileID: 3692453369229697213, guid: 4c1bbaa82cdc94468b0d141ff30c139c,
        type: 3}
      propertyPath: m_RootOrder
      value: 1
      objectReference: {fileID: 0}
    - target: {fileID: 3692453369229697213, guid: 4c1bbaa82cdc94468b0d141ff30c139c,
        type: 3}
      propertyPath: m_LocalPosition.x
      value: -42.678177
      objectReference: {fileID: 0}
    - target: {fileID: 3692453369229697213, guid: 4c1bbaa82cdc94468b0d141ff30c139c,
        type: 3}
      propertyPath: m_LocalPosition.y
      value: 4.5
      objectReference: {fileID: 0}
    - target: {fileID: 3692453369229697213, guid: 4c1bbaa82cdc94468b0d141ff30c139c,
        type: 3}
      propertyPath: m_LocalPosition.z
      value: 0
      objectReference: {fileID: 0}
    - target: {fileID: 3692453369229697213, guid: 4c1bbaa82cdc94468b0d141ff30c139c,
        type: 3}
      propertyPath: m_LocalRotation.w
      value: 1
      objectReference: {fileID: 0}
    - target: {fileID: 3692453369229697213, guid: 4c1bbaa82cdc94468b0d141ff30c139c,
        type: 3}
      propertyPath: m_LocalRotation.x
      value: 0
      objectReference: {fileID: 0}
    - target: {fileID: 3692453369229697213, guid: 4c1bbaa82cdc94468b0d141ff30c139c,
        type: 3}
      propertyPath: m_LocalRotation.y
      value: 0
      objectReference: {fileID: 0}
    - target: {fileID: 3692453369229697213, guid: 4c1bbaa82cdc94468b0d141ff30c139c,
        type: 3}
      propertyPath: m_LocalRotation.z
      value: 0
      objectReference: {fileID: 0}
    - target: {fileID: 3692453369229697213, guid: 4c1bbaa82cdc94468b0d141ff30c139c,
        type: 3}
      propertyPath: m_LocalEulerAnglesHint.x
      value: 0
      objectReference: {fileID: 0}
    - target: {fileID: 3692453369229697213, guid: 4c1bbaa82cdc94468b0d141ff30c139c,
        type: 3}
      propertyPath: m_LocalEulerAnglesHint.y
      value: 0
      objectReference: {fileID: 0}
    - target: {fileID: 3692453369229697213, guid: 4c1bbaa82cdc94468b0d141ff30c139c,
        type: 3}
      propertyPath: m_LocalEulerAnglesHint.z
      value: 0
      objectReference: {fileID: 0}
    - target: {fileID: 5799866962397509777, guid: 4c1bbaa82cdc94468b0d141ff30c139c,
        type: 3}
      propertyPath: m_Name
      value: RocketShip
      objectReference: {fileID: 0}
    - target: {fileID: 7669335679697212218, guid: 4c1bbaa82cdc94468b0d141ff30c139c,
        type: 3}
      propertyPath: m_Materials.Array.size
      value: 1
      objectReference: {fileID: 0}
    m_RemovedComponents: []
  m_SourcePrefab: {fileID: 100100000, guid: 4c1bbaa82cdc94468b0d141ff30c139c, type: 3}
--- !u!114 &712812824 stripped
MonoBehaviour:
  m_CorrespondingSourceObject: {fileID: 6235035431681060449, guid: 4c1bbaa82cdc94468b0d141ff30c139c,
    type: 3}
  m_PrefabInstance: {fileID: 712812823}
  m_PrefabAsset: {fileID: 0}
  m_GameObject: {fileID: 0}
  m_Enabled: 1
  m_EditorHideFlags: 0
  m_Script: {fileID: 11500000, guid: 605d7757789874373a62500d23b43da4, type: 3}
  m_Name: 
  m_EditorClassIdentifier: 
--- !u!1 &743924939
GameObject:
  m_ObjectHideFlags: 0
  m_CorrespondingSourceObject: {fileID: 0}
  m_PrefabInstance: {fileID: 0}
  m_PrefabAsset: {fileID: 0}
  serializedVersion: 6
  m_Component:
  - component: {fileID: 743924940}
  m_Layer: 0
  m_Name: Obstacles
  m_TagString: Untagged
  m_Icon: {fileID: 0}
  m_NavMeshLayer: 0
  m_StaticEditorFlags: 0
  m_IsActive: 1
--- !u!4 &743924940
Transform:
  m_ObjectHideFlags: 0
  m_CorrespondingSourceObject: {fileID: 0}
  m_PrefabInstance: {fileID: 0}
  m_PrefabAsset: {fileID: 0}
  m_GameObject: {fileID: 743924939}
  m_LocalRotation: {x: 0, y: 0, z: 0, w: 1}
  m_LocalPosition: {x: 0, y: 0, z: 0}
  m_LocalScale: {x: 1, y: 1, z: 1}
  m_Children:
  - {fileID: 2044660416}
  - {fileID: 557440156}
  - {fileID: 560502100}
  - {fileID: 58679232}
  - {fileID: 2105215104}
  - {fileID: 1631234502}
  - {fileID: 1316220306}
  - {fileID: 363211572}
  - {fileID: 763674570}
  - {fileID: 1774251154}
  m_Father: {fileID: 0}
  m_RootOrder: 6
  m_LocalEulerAnglesHint: {x: 0, y: 0, z: 0}
--- !u!4 &763674570 stripped
Transform:
  m_CorrespondingSourceObject: {fileID: 2129029250111156249, guid: 0df97c2c2532248ebb057d285912131d,
    type: 3}
  m_PrefabInstance: {fileID: 1782968585}
  m_PrefabAsset: {fileID: 0}
--- !u!1001 &997562130
PrefabInstance:
  m_ObjectHideFlags: 0
  serializedVersion: 2
  m_Modification:
    m_TransformParent: {fileID: 0}
    m_Modifications:
    - target: {fileID: 1975401916332960681, guid: 697edbcdf8b3a465692506bbffe136bf,
        type: 3}
      propertyPath: m_Name
      value: Finish
      objectReference: {fileID: 0}
    - target: {fileID: 1975401917234721741, guid: 697edbcdf8b3a465692506bbffe136bf,
        type: 3}
      propertyPath: m_RootOrder
      value: 2
      objectReference: {fileID: 0}
    - target: {fileID: 1975401917234721741, guid: 697edbcdf8b3a465692506bbffe136bf,
        type: 3}
      propertyPath: m_LocalPosition.x
      value: 45.5732
      objectReference: {fileID: 0}
    - target: {fileID: 1975401917234721741, guid: 697edbcdf8b3a465692506bbffe136bf,
        type: 3}
      propertyPath: m_LocalPosition.y
      value: 23.8
      objectReference: {fileID: 0}
    - target: {fileID: 1975401917234721741, guid: 697edbcdf8b3a465692506bbffe136bf,
        type: 3}
      propertyPath: m_LocalPosition.z
      value: 0
      objectReference: {fileID: 0}
    - target: {fileID: 1975401917234721741, guid: 697edbcdf8b3a465692506bbffe136bf,
        type: 3}
      propertyPath: m_LocalRotation.w
      value: 1
      objectReference: {fileID: 0}
    - target: {fileID: 1975401917234721741, guid: 697edbcdf8b3a465692506bbffe136bf,
        type: 3}
      propertyPath: m_LocalRotation.x
      value: -0
      objectReference: {fileID: 0}
    - target: {fileID: 1975401917234721741, guid: 697edbcdf8b3a465692506bbffe136bf,
        type: 3}
      propertyPath: m_LocalRotation.y
      value: -0
      objectReference: {fileID: 0}
    - target: {fileID: 1975401917234721741, guid: 697edbcdf8b3a465692506bbffe136bf,
        type: 3}
      propertyPath: m_LocalRotation.z
      value: -0
      objectReference: {fileID: 0}
    - target: {fileID: 1975401917234721741, guid: 697edbcdf8b3a465692506bbffe136bf,
        type: 3}
      propertyPath: m_LocalEulerAnglesHint.x
      value: 0
      objectReference: {fileID: 0}
    - target: {fileID: 1975401917234721741, guid: 697edbcdf8b3a465692506bbffe136bf,
        type: 3}
      propertyPath: m_LocalEulerAnglesHint.y
      value: 0
      objectReference: {fileID: 0}
    - target: {fileID: 1975401917234721741, guid: 697edbcdf8b3a465692506bbffe136bf,
        type: 3}
      propertyPath: m_LocalEulerAnglesHint.z
      value: 0
      objectReference: {fileID: 0}
    m_RemovedComponents: []
  m_SourcePrefab: {fileID: 100100000, guid: 697edbcdf8b3a465692506bbffe136bf, type: 3}
--- !u!1 &1062194596
GameObject:
  m_ObjectHideFlags: 0
  m_CorrespondingSourceObject: {fileID: 0}
  m_PrefabInstance: {fileID: 0}
  m_PrefabAsset: {fileID: 0}
  serializedVersion: 6
  m_Component:
  - component: {fileID: 1062194600}
  - component: {fileID: 1062194599}
  - component: {fileID: 1062194598}
  - component: {fileID: 1062194597}
  m_Layer: 0
  m_Name: Ground
  m_TagString: Untagged
  m_Icon: {fileID: 0}
  m_NavMeshLayer: 0
  m_StaticEditorFlags: 0
  m_IsActive: 1
--- !u!65 &1062194597
BoxCollider:
  m_ObjectHideFlags: 0
  m_CorrespondingSourceObject: {fileID: 0}
  m_PrefabInstance: {fileID: 0}
  m_PrefabAsset: {fileID: 0}
  m_GameObject: {fileID: 1062194596}
  m_Material: {fileID: 0}
  m_IsTrigger: 0
  m_Enabled: 1
  serializedVersion: 2
  m_Size: {x: 1, y: 1, z: 1}
  m_Center: {x: 0, y: 0, z: 0}
--- !u!23 &1062194598
MeshRenderer:
  m_ObjectHideFlags: 0
  m_CorrespondingSourceObject: {fileID: 0}
  m_PrefabInstance: {fileID: 0}
  m_PrefabAsset: {fileID: 0}
  m_GameObject: {fileID: 1062194596}
  m_Enabled: 1
  m_CastShadows: 1
  m_ReceiveShadows: 1
  m_DynamicOccludee: 1
  m_MotionVectors: 1
  m_LightProbeUsage: 1
  m_ReflectionProbeUsage: 1
  m_RayTracingMode: 2
  m_RayTraceProcedural: 0
  m_RenderingLayerMask: 1
  m_RendererPriority: 0
  m_Materials:
  - {fileID: 2100000, guid: 00062ef25470b4345b8d3c3da7b5c6ec, type: 2}
  m_StaticBatchInfo:
    firstSubMesh: 0
    subMeshCount: 0
  m_StaticBatchRoot: {fileID: 0}
  m_ProbeAnchor: {fileID: 0}
  m_LightProbeVolumeOverride: {fileID: 0}
  m_ScaleInLightmap: 1
  m_ReceiveGI: 1
  m_PreserveUVs: 0
  m_IgnoreNormalsForChartDetection: 0
  m_ImportantGI: 0
  m_StitchLightmapSeams: 1
  m_SelectedEditorRenderState: 3
  m_MinimumChartSize: 4
  m_AutoUVMaxDistance: 0.5
  m_AutoUVMaxAngle: 89
  m_LightmapParameters: {fileID: 0}
  m_SortingLayerID: 0
  m_SortingLayer: 0
  m_SortingOrder: 0
  m_AdditionalVertexStreams: {fileID: 0}
--- !u!33 &1062194599
MeshFilter:
  m_ObjectHideFlags: 0
  m_CorrespondingSourceObject: {fileID: 0}
  m_PrefabInstance: {fileID: 0}
  m_PrefabAsset: {fileID: 0}
  m_GameObject: {fileID: 1062194596}
  m_Mesh: {fileID: 10202, guid: 0000000000000000e000000000000000, type: 0}
--- !u!4 &1062194600
Transform:
  m_ObjectHideFlags: 0
  m_CorrespondingSourceObject: {fileID: 0}
  m_PrefabInstance: {fileID: 0}
  m_PrefabAsset: {fileID: 0}
  m_GameObject: {fileID: 1062194596}
  m_LocalRotation: {x: 0, y: 0, z: 0, w: 1}
  m_LocalPosition: {x: 0, y: -2.2, z: 0}
  m_LocalScale: {x: 125, y: -4.9, z: 30}
  m_Children: []
  m_Father: {fileID: 0}
  m_RootOrder: 5
  m_LocalEulerAnglesHint: {x: 0, y: 0, z: 0}
--- !u!1001 &1166247518
PrefabInstance:
  m_ObjectHideFlags: 0
  serializedVersion: 2
  m_Modification:
    m_TransformParent: {fileID: 743924940}
    m_Modifications:
    - target: {fileID: 2129029250111156249, guid: 0df97c2c2532248ebb057d285912131d,
        type: 3}
      propertyPath: m_RootOrder
      value: 7
      objectReference: {fileID: 0}
    - target: {fileID: 2129029250111156249, guid: 0df97c2c2532248ebb057d285912131d,
        type: 3}
      propertyPath: m_LocalScale.x
      value: 15
      objectReference: {fileID: 0}
    - target: {fileID: 2129029250111156249, guid: 0df97c2c2532248ebb057d285912131d,
        type: 3}
      propertyPath: m_LocalScale.y
      value: 23
      objectReference: {fileID: 0}
    - target: {fileID: 2129029250111156249, guid: 0df97c2c2532248ebb057d285912131d,
        type: 3}
      propertyPath: m_LocalScale.z
      value: 30
      objectReference: {fileID: 0}
    - target: {fileID: 2129029250111156249, guid: 0df97c2c2532248ebb057d285912131d,
        type: 3}
      propertyPath: m_LocalPosition.x
      value: 45.3
      objectReference: {fileID: 0}
    - target: {fileID: 2129029250111156249, guid: 0df97c2c2532248ebb057d285912131d,
        type: 3}
      propertyPath: m_LocalPosition.y
      value: 12
      objectReference: {fileID: 0}
    - target: {fileID: 2129029250111156249, guid: 0df97c2c2532248ebb057d285912131d,
        type: 3}
      propertyPath: m_LocalPosition.z
      value: 0
      objectReference: {fileID: 0}
    - target: {fileID: 2129029250111156249, guid: 0df97c2c2532248ebb057d285912131d,
        type: 3}
      propertyPath: m_LocalRotation.w
      value: 1
      objectReference: {fileID: 0}
    - target: {fileID: 2129029250111156249, guid: 0df97c2c2532248ebb057d285912131d,
        type: 3}
      propertyPath: m_LocalRotation.x
      value: 0
      objectReference: {fileID: 0}
    - target: {fileID: 2129029250111156249, guid: 0df97c2c2532248ebb057d285912131d,
        type: 3}
      propertyPath: m_LocalRotation.y
      value: 0
      objectReference: {fileID: 0}
    - target: {fileID: 2129029250111156249, guid: 0df97c2c2532248ebb057d285912131d,
        type: 3}
      propertyPath: m_LocalRotation.z
      value: 0
      objectReference: {fileID: 0}
    - target: {fileID: 2129029250111156249, guid: 0df97c2c2532248ebb057d285912131d,
        type: 3}
      propertyPath: m_LocalEulerAnglesHint.x
      value: 0
      objectReference: {fileID: 0}
    - target: {fileID: 2129029250111156249, guid: 0df97c2c2532248ebb057d285912131d,
        type: 3}
      propertyPath: m_LocalEulerAnglesHint.y
      value: 0
      objectReference: {fileID: 0}
    - target: {fileID: 2129029250111156249, guid: 0df97c2c2532248ebb057d285912131d,
        type: 3}
      propertyPath: m_LocalEulerAnglesHint.z
      value: 0
      objectReference: {fileID: 0}
    - target: {fileID: 2129029250111156253, guid: 0df97c2c2532248ebb057d285912131d,
        type: 3}
      propertyPath: m_Name
      value: Obstacle (7)
      objectReference: {fileID: 0}
    m_RemovedComponents: []
  m_SourcePrefab: {fileID: 100100000, guid: 0df97c2c2532248ebb057d285912131d, type: 3}
--- !u!1001 &1248358571
PrefabInstance:
  m_ObjectHideFlags: 0
  serializedVersion: 2
  m_Modification:
    m_TransformParent: {fileID: 743924940}
    m_Modifications:
    - target: {fileID: 2129029250111156249, guid: 0df97c2c2532248ebb057d285912131d,
        type: 3}
      propertyPath: m_RootOrder
      value: 9
      objectReference: {fileID: 0}
    - target: {fileID: 2129029250111156249, guid: 0df97c2c2532248ebb057d285912131d,
        type: 3}
      propertyPath: m_LocalScale.x
      value: 88.4
      objectReference: {fileID: 0}
    - target: {fileID: 2129029250111156249, guid: 0df97c2c2532248ebb057d285912131d,
        type: 3}
      propertyPath: m_LocalScale.y
      value: 2.2
      objectReference: {fileID: 0}
    - target: {fileID: 2129029250111156249, guid: 0df97c2c2532248ebb057d285912131d,
        type: 3}
      propertyPath: m_LocalScale.z
      value: 26.9
      objectReference: {fileID: 0}
    - target: {fileID: 2129029250111156249, guid: 0df97c2c2532248ebb057d285912131d,
        type: 3}
      propertyPath: m_LocalPosition.x
      value: 12
      objectReference: {fileID: 0}
    - target: {fileID: 2129029250111156249, guid: 0df97c2c2532248ebb057d285912131d,
        type: 3}
      propertyPath: m_LocalPosition.y
      value: 37.3
      objectReference: {fileID: 0}
    - target: {fileID: 2129029250111156249, guid: 0df97c2c2532248ebb057d285912131d,
        type: 3}
      propertyPath: m_LocalPosition.z
      value: -0.6
      objectReference: {fileID: 0}
    - target: {fileID: 2129029250111156249, guid: 0df97c2c2532248ebb057d285912131d,
        type: 3}
      propertyPath: m_LocalRotation.w
      value: 0.9987804
      objectReference: {fileID: 0}
    - target: {fileID: 2129029250111156249, guid: 0df97c2c2532248ebb057d285912131d,
        type: 3}
      propertyPath: m_LocalRotation.x
      value: 0
      objectReference: {fileID: 0}
    - target: {fileID: 2129029250111156249, guid: 0df97c2c2532248ebb057d285912131d,
        type: 3}
      propertyPath: m_LocalRotation.y
      value: 0
      objectReference: {fileID: 0}
    - target: {fileID: 2129029250111156249, guid: 0df97c2c2532248ebb057d285912131d,
        type: 3}
      propertyPath: m_LocalRotation.z
      value: -0.049372714
      objectReference: {fileID: 0}
    - target: {fileID: 2129029250111156249, guid: 0df97c2c2532248ebb057d285912131d,
        type: 3}
      propertyPath: m_LocalEulerAnglesHint.x
      value: 0
      objectReference: {fileID: 0}
    - target: {fileID: 2129029250111156249, guid: 0df97c2c2532248ebb057d285912131d,
        type: 3}
      propertyPath: m_LocalEulerAnglesHint.y
      value: 0
      objectReference: {fileID: 0}
    - target: {fileID: 2129029250111156249, guid: 0df97c2c2532248ebb057d285912131d,
        type: 3}
      propertyPath: m_LocalEulerAnglesHint.z
      value: -5.66
      objectReference: {fileID: 0}
    - target: {fileID: 2129029250111156253, guid: 0df97c2c2532248ebb057d285912131d,
        type: 3}
      propertyPath: m_Name
      value: Obstacle (11)
      objectReference: {fileID: 0}
    m_RemovedComponents: []
  m_SourcePrefab: {fileID: 100100000, guid: 0df97c2c2532248ebb057d285912131d, type: 3}
--- !u!4 &1316220306 stripped
Transform:
  m_CorrespondingSourceObject: {fileID: 2129029250111156249, guid: 0df97c2c2532248ebb057d285912131d,
    type: 3}
  m_PrefabInstance: {fileID: 59883438}
  m_PrefabAsset: {fileID: 0}
--- !u!1001 &1427741461
PrefabInstance:
  m_ObjectHideFlags: 0
  serializedVersion: 2
  m_Modification:
    m_TransformParent: {fileID: 0}
    m_Modifications:
    - target: {fileID: 2837499096539182499, guid: 64004558f34074881803b283712061f8,
        type: 3}
      propertyPath: m_RootOrder
      value: 3
      objectReference: {fileID: 0}
    - target: {fileID: 2837499096539182499, guid: 64004558f34074881803b283712061f8,
        type: 3}
      propertyPath: m_LocalPosition.x
      value: -42.579247
      objectReference: {fileID: 0}
    - target: {fileID: 2837499096539182499, guid: 64004558f34074881803b283712061f8,
        type: 3}
      propertyPath: m_LocalPosition.y
      value: 1.6
      objectReference: {fileID: 0}
    - target: {fileID: 2837499096539182499, guid: 64004558f34074881803b283712061f8,
        type: 3}
      propertyPath: m_LocalPosition.z
      value: 0
      objectReference: {fileID: 0}
    - target: {fileID: 2837499096539182499, guid: 64004558f34074881803b283712061f8,
        type: 3}
      propertyPath: m_LocalRotation.w
      value: 1
      objectReference: {fileID: 0}
    - target: {fileID: 2837499096539182499, guid: 64004558f34074881803b283712061f8,
        type: 3}
      propertyPath: m_LocalRotation.x
      value: -0
      objectReference: {fileID: 0}
    - target: {fileID: 2837499096539182499, guid: 64004558f34074881803b283712061f8,
        type: 3}
      propertyPath: m_LocalRotation.y
      value: -0
      objectReference: {fileID: 0}
    - target: {fileID: 2837499096539182499, guid: 64004558f34074881803b283712061f8,
        type: 3}
      propertyPath: m_LocalRotation.z
      value: -0
      objectReference: {fileID: 0}
    - target: {fileID: 2837499096539182499, guid: 64004558f34074881803b283712061f8,
        type: 3}
      propertyPath: m_LocalEulerAnglesHint.x
      value: 0
      objectReference: {fileID: 0}
    - target: {fileID: 2837499096539182499, guid: 64004558f34074881803b283712061f8,
        type: 3}
      propertyPath: m_LocalEulerAnglesHint.y
      value: 0
      objectReference: {fileID: 0}
    - target: {fileID: 2837499096539182499, guid: 64004558f34074881803b283712061f8,
        type: 3}
      propertyPath: m_LocalEulerAnglesHint.z
      value: 0
      objectReference: {fileID: 0}
    - target: {fileID: 2837499098387013049, guid: 64004558f34074881803b283712061f8,
        type: 3}
      propertyPath: m_Name
      value: Start
      objectReference: {fileID: 0}
    m_RemovedComponents: []
  m_SourcePrefab: {fileID: 100100000, guid: 64004558f34074881803b283712061f8, type: 3}
--- !u!1001 &1514477066
PrefabInstance:
  m_ObjectHideFlags: 0
  serializedVersion: 2
  m_Modification:
    m_TransformParent: {fileID: 0}
    m_Modifications:
    - target: {fileID: 5612369747224836763, guid: 85d13c8cefe4e4f1aa785e2a472f6bf1,
        type: 3}
      propertyPath: m_Name
      value: Background
      objectReference: {fileID: 0}
    - target: {fileID: 5612369747224836767, guid: 85d13c8cefe4e4f1aa785e2a472f6bf1,
        type: 3}
      propertyPath: m_RootOrder
      value: 7
      objectReference: {fileID: 0}
    - target: {fileID: 5612369747224836767, guid: 85d13c8cefe4e4f1aa785e2a472f6bf1,
        type: 3}
      propertyPath: m_LocalPosition.x
      value: 0
      objectReference: {fileID: 0}
    - target: {fileID: 5612369747224836767, guid: 85d13c8cefe4e4f1aa785e2a472f6bf1,
        type: 3}
      propertyPath: m_LocalPosition.y
      value: 15
      objectReference: {fileID: 0}
    - target: {fileID: 5612369747224836767, guid: 85d13c8cefe4e4f1aa785e2a472f6bf1,
        type: 3}
      propertyPath: m_LocalPosition.z
      value: 15.9
      objectReference: {fileID: 0}
    - target: {fileID: 5612369747224836767, guid: 85d13c8cefe4e4f1aa785e2a472f6bf1,
        type: 3}
      propertyPath: m_LocalRotation.w
      value: 1
      objectReference: {fileID: 0}
    - target: {fileID: 5612369747224836767, guid: 85d13c8cefe4e4f1aa785e2a472f6bf1,
        type: 3}
      propertyPath: m_LocalRotation.x
      value: 0
      objectReference: {fileID: 0}
    - target: {fileID: 5612369747224836767, guid: 85d13c8cefe4e4f1aa785e2a472f6bf1,
        type: 3}
      propertyPath: m_LocalRotation.y
      value: 0
      objectReference: {fileID: 0}
    - target: {fileID: 5612369747224836767, guid: 85d13c8cefe4e4f1aa785e2a472f6bf1,
        type: 3}
      propertyPath: m_LocalRotation.z
      value: 0
      objectReference: {fileID: 0}
    - target: {fileID: 5612369747224836767, guid: 85d13c8cefe4e4f1aa785e2a472f6bf1,
        type: 3}
      propertyPath: m_LocalEulerAnglesHint.x
      value: 0
      objectReference: {fileID: 0}
    - target: {fileID: 5612369747224836767, guid: 85d13c8cefe4e4f1aa785e2a472f6bf1,
        type: 3}
      propertyPath: m_LocalEulerAnglesHint.y
      value: 0
      objectReference: {fileID: 0}
    - target: {fileID: 5612369747224836767, guid: 85d13c8cefe4e4f1aa785e2a472f6bf1,
        type: 3}
      propertyPath: m_LocalEulerAnglesHint.z
      value: 0
      objectReference: {fileID: 0}
    m_RemovedComponents: []
  m_SourcePrefab: {fileID: 100100000, guid: 85d13c8cefe4e4f1aa785e2a472f6bf1, type: 3}
--- !u!4 &1631234502 stripped
Transform:
  m_CorrespondingSourceObject: {fileID: 2129029250111156249, guid: 0df97c2c2532248ebb057d285912131d,
    type: 3}
  m_PrefabInstance: {fileID: 2131287697}
  m_PrefabAsset: {fileID: 0}
--- !u!1001 &1720569925
PrefabInstance:
  m_ObjectHideFlags: 0
  serializedVersion: 2
  m_Modification:
    m_TransformParent: {fileID: 743924940}
    m_Modifications:
    - target: {fileID: 2129029250111156249, guid: 0df97c2c2532248ebb057d285912131d,
        type: 3}
      propertyPath: m_RootOrder
      value: 3
      objectReference: {fileID: 0}
    - target: {fileID: 2129029250111156249, guid: 0df97c2c2532248ebb057d285912131d,
        type: 3}
      propertyPath: m_LocalScale.x
      value: 4
      objectReference: {fileID: 0}
    - target: {fileID: 2129029250111156249, guid: 0df97c2c2532248ebb057d285912131d,
        type: 3}
      propertyPath: m_LocalScale.y
      value: 30
      objectReference: {fileID: 0}
    - target: {fileID: 2129029250111156249, guid: 0df97c2c2532248ebb057d285912131d,
        type: 3}
      propertyPath: m_LocalScale.z
      value: 29
      objectReference: {fileID: 0}
    - target: {fileID: 2129029250111156249, guid: 0df97c2c2532248ebb057d285912131d,
        type: 3}
      propertyPath: m_LocalPosition.x
      value: -55.8
      objectReference: {fileID: 0}
    - target: {fileID: 2129029250111156249, guid: 0df97c2c2532248ebb057d285912131d,
        type: 3}
      propertyPath: m_LocalPosition.y
      value: 27.5
      objectReference: {fileID: 0}
    - target: {fileID: 2129029250111156249, guid: 0df97c2c2532248ebb057d285912131d,
        type: 3}
      propertyPath: m_LocalPosition.z
      value: -0.5
      objectReference: {fileID: 0}
    - target: {fileID: 2129029250111156249, guid: 0df97c2c2532248ebb057d285912131d,
        type: 3}
      propertyPath: m_LocalRotation.w
      value: 0.98139745
      objectReference: {fileID: 0}
    - target: {fileID: 2129029250111156249, guid: 0df97c2c2532248ebb057d285912131d,
        type: 3}
      propertyPath: m_LocalRotation.x
      value: -0
      objectReference: {fileID: 0}
    - target: {fileID: 2129029250111156249, guid: 0df97c2c2532248ebb057d285912131d,
        type: 3}
      propertyPath: m_LocalRotation.y
      value: -0
      objectReference: {fileID: 0}
    - target: {fileID: 2129029250111156249, guid: 0df97c2c2532248ebb057d285912131d,
        type: 3}
      propertyPath: m_LocalRotation.z
      value: -0.19198738
      objectReference: {fileID: 0}
    - target: {fileID: 2129029250111156249, guid: 0df97c2c2532248ebb057d285912131d,
        type: 3}
      propertyPath: m_LocalEulerAnglesHint.x
      value: 0
      objectReference: {fileID: 0}
    - target: {fileID: 2129029250111156249, guid: 0df97c2c2532248ebb057d285912131d,
        type: 3}
      propertyPath: m_LocalEulerAnglesHint.y
      value: 0
      objectReference: {fileID: 0}
    - target: {fileID: 2129029250111156249, guid: 0df97c2c2532248ebb057d285912131d,
        type: 3}
      propertyPath: m_LocalEulerAnglesHint.z
      value: -22.138
      objectReference: {fileID: 0}
    - target: {fileID: 2129029250111156253, guid: 0df97c2c2532248ebb057d285912131d,
        type: 3}
      propertyPath: m_Name
      value: Obstacle (3)
      objectReference: {fileID: 0}
    m_RemovedComponents: []
  m_SourcePrefab: {fileID: 100100000, guid: 0df97c2c2532248ebb057d285912131d, type: 3}
--- !u!1 &1773159247
GameObject:
  m_ObjectHideFlags: 0
  m_CorrespondingSourceObject: {fileID: 0}
  m_PrefabInstance: {fileID: 0}
  m_PrefabAsset: {fileID: 0}
  serializedVersion: 6
  m_Component:
  - component: {fileID: 1773159249}
  - component: {fileID: 1773159248}
  m_Layer: 0
  m_Name: Directional Light
  m_TagString: Untagged
  m_Icon: {fileID: 0}
  m_NavMeshLayer: 0
  m_StaticEditorFlags: 0
  m_IsActive: 1
--- !u!108 &1773159248
Light:
  m_ObjectHideFlags: 0
  m_CorrespondingSourceObject: {fileID: 0}
  m_PrefabInstance: {fileID: 0}
  m_PrefabAsset: {fileID: 0}
  m_GameObject: {fileID: 1773159247}
  m_Enabled: 1
  serializedVersion: 10
  m_Type: 1
  m_Shape: 0
  m_Color: {r: 1, g: 0.95686275, b: 0.8392157, a: 1}
  m_Intensity: 1
  m_Range: 10
  m_SpotAngle: 30
  m_InnerSpotAngle: 21.80208
  m_CookieSize: 10
  m_Shadows:
    m_Type: 2
    m_Resolution: -1
    m_CustomResolution: -1
    m_Strength: 1
    m_Bias: 0.8
    m_NormalBias: 0.4
    m_NearPlane: 0.2
    m_CullingMatrixOverride:
      e00: 1
      e01: 0
      e02: 0
      e03: 0
      e10: 0
      e11: 1
      e12: 0
      e13: 0
      e20: 0
      e21: 0
      e22: 1
      e23: 0
      e30: 0
      e31: 0
      e32: 0
      e33: 1
    m_UseCullingMatrixOverride: 0
  m_Cookie: {fileID: 0}
  m_DrawHalo: 0
  m_Flare: {fileID: 0}
  m_RenderMode: 0
  m_CullingMask:
    serializedVersion: 2
    m_Bits: 4294967295
  m_RenderingLayerMask: 1
  m_Lightmapping: 4
  m_LightShadowCasterMode: 0
  m_AreaSize: {x: 1, y: 1}
  m_BounceIntensity: 1
  m_ColorTemperature: 6570
  m_UseColorTemperature: 0
  m_BoundingSphereOverride: {x: 0, y: 0, z: 0, w: 0}
  m_UseBoundingSphereOverride: 0
  m_UseViewFrustumForShadowCasterCull: 1
  m_ShadowRadius: 0
  m_ShadowAngle: 0
--- !u!4 &1773159249
Transform:
  m_ObjectHideFlags: 0
  m_CorrespondingSourceObject: {fileID: 0}
  m_PrefabInstance: {fileID: 0}
  m_PrefabAsset: {fileID: 0}
  m_GameObject: {fileID: 1773159247}
  m_LocalRotation: {x: -0.26322845, y: -0.10156302, z: 0.45216206, w: -0.8461355}
  m_LocalPosition: {x: -126.5, y: -19.5, z: 168.3}
  m_LocalScale: {x: 1, y: 1, z: 1}
  m_Children: []
  m_Father: {fileID: 0}
  m_RootOrder: 4
  m_LocalEulerAnglesHint: {x: 32.5, y: 355.5, z: -57.551003}
--- !u!4 &1774251154 stripped
Transform:
  m_CorrespondingSourceObject: {fileID: 2129029250111156249, guid: 0df97c2c2532248ebb057d285912131d,
    type: 3}
  m_PrefabInstance: {fileID: 1248358571}
  m_PrefabAsset: {fileID: 0}
--- !u!1001 &1782968585
PrefabInstance:
  m_ObjectHideFlags: 0
  serializedVersion: 2
  m_Modification:
    m_TransformParent: {fileID: 743924940}
    m_Modifications:
    - target: {fileID: 2129029250111156249, guid: 0df97c2c2532248ebb057d285912131d,
        type: 3}
      propertyPath: m_RootOrder
      value: 8
      objectReference: {fileID: 0}
    - target: {fileID: 2129029250111156249, guid: 0df97c2c2532248ebb057d285912131d,
        type: 3}
      propertyPath: m_LocalScale.x
      value: 80.2
      objectReference: {fileID: 0}
    - target: {fileID: 2129029250111156249, guid: 0df97c2c2532248ebb057d285912131d,
        type: 3}
      propertyPath: m_LocalScale.y
      value: 2.7
      objectReference: {fileID: 0}
    - target: {fileID: 2129029250111156249, guid: 0df97c2c2532248ebb057d285912131d,
        type: 3}
      propertyPath: m_LocalScale.z
      value: 14
      objectReference: {fileID: 0}
    - target: {fileID: 2129029250111156249, guid: 0df97c2c2532248ebb057d285912131d,
        type: 3}
      propertyPath: m_LocalPosition.x
      value: 2.4
      objectReference: {fileID: 0}
    - target: {fileID: 2129029250111156249, guid: 0df97c2c2532248ebb057d285912131d,
        type: 3}
      propertyPath: m_LocalPosition.y
      value: 10.8
      objectReference: {fileID: 0}
    - target: {fileID: 2129029250111156249, guid: 0df97c2c2532248ebb057d285912131d,
        type: 3}
      propertyPath: m_LocalPosition.z
      value: 0
      objectReference: {fileID: 0}
    - target: {fileID: 2129029250111156249, guid: 0df97c2c2532248ebb057d285912131d,
        type: 3}
      propertyPath: m_LocalRotation.w
      value: 0.9897762
      objectReference: {fileID: 0}
    - target: {fileID: 2129029250111156249, guid: 0df97c2c2532248ebb057d285912131d,
        type: 3}
      propertyPath: m_LocalRotation.x
      value: 0
      objectReference: {fileID: 0}
    - target: {fileID: 2129029250111156249, guid: 0df97c2c2532248ebb057d285912131d,
        type: 3}
      propertyPath: m_LocalRotation.y
      value: 0
      objectReference: {fileID: 0}
    - target: {fileID: 2129029250111156249, guid: 0df97c2c2532248ebb057d285912131d,
        type: 3}
      propertyPath: m_LocalRotation.z
      value: 0.14262894
      objectReference: {fileID: 0}
    - target: {fileID: 2129029250111156249, guid: 0df97c2c2532248ebb057d285912131d,
        type: 3}
      propertyPath: m_LocalEulerAnglesHint.x
      value: 0
      objectReference: {fileID: 0}
    - target: {fileID: 2129029250111156249, guid: 0df97c2c2532248ebb057d285912131d,
        type: 3}
      propertyPath: m_LocalEulerAnglesHint.y
      value: 0
      objectReference: {fileID: 0}
    - target: {fileID: 2129029250111156249, guid: 0df97c2c2532248ebb057d285912131d,
        type: 3}
      propertyPath: m_LocalEulerAnglesHint.z
      value: 16.4
      objectReference: {fileID: 0}
    - target: {fileID: 2129029250111156253, guid: 0df97c2c2532248ebb057d285912131d,
        type: 3}
      propertyPath: m_Name
      value: Obstacle (8)
      objectReference: {fileID: 0}
    m_RemovedComponents: []
  m_SourcePrefab: {fileID: 100100000, guid: 0df97c2c2532248ebb057d285912131d, type: 3}
--- !u!1 &2003075315
GameObject:
  m_ObjectHideFlags: 0
  m_CorrespondingSourceObject: {fileID: 0}
  m_PrefabInstance: {fileID: 0}
  m_PrefabAsset: {fileID: 0}
  serializedVersion: 6
  m_Component:
  - component: {fileID: 2003075318}
  - component: {fileID: 2003075317}
  - component: {fileID: 2003075316}
  m_Layer: 0
  m_Name: Main Camera
  m_TagString: MainCamera
  m_Icon: {fileID: 0}
  m_NavMeshLayer: 0
  m_StaticEditorFlags: 0
  m_IsActive: 1
--- !u!81 &2003075316
AudioListener:
  m_ObjectHideFlags: 0
  m_CorrespondingSourceObject: {fileID: 0}
  m_PrefabInstance: {fileID: 0}
  m_PrefabAsset: {fileID: 0}
  m_GameObject: {fileID: 2003075315}
  m_Enabled: 1
--- !u!20 &2003075317
Camera:
  m_ObjectHideFlags: 0
  m_CorrespondingSourceObject: {fileID: 0}
  m_PrefabInstance: {fileID: 0}
  m_PrefabAsset: {fileID: 0}
  m_GameObject: {fileID: 2003075315}
  m_Enabled: 1
  serializedVersion: 2
  m_ClearFlags: 1
  m_BackGroundColor: {r: 0.19215687, g: 0.3019608, b: 0.4745098, a: 0}
  m_projectionMatrixMode: 1
  m_GateFitMode: 2
  m_FOVAxisMode: 0
  m_SensorSize: {x: 36, y: 24}
  m_LensShift: {x: 0, y: 0}
  m_FocalLength: 50
  m_NormalizedViewPortRect:
    serializedVersion: 2
    x: 0
    y: 0
    width: 1
    height: 1
  near clip plane: 0.3
  far clip plane: 1000
  field of view: 60
  orthographic: 0
  orthographic size: 5
  m_Depth: -1
  m_CullingMask:
    serializedVersion: 2
    m_Bits: 4294967295
  m_RenderingPath: -1
  m_TargetTexture: {fileID: 0}
  m_TargetDisplay: 0
  m_TargetEye: 3
  m_HDR: 1
  m_AllowMSAA: 1
  m_AllowDynamicResolution: 0
  m_ForceIntoRT: 0
  m_OcclusionCulling: 1
  m_StereoConvergence: 10
  m_StereoSeparation: 0.022
--- !u!4 &2003075318
Transform:
  m_ObjectHideFlags: 0
  m_CorrespondingSourceObject: {fileID: 0}
  m_PrefabInstance: {fileID: 0}
  m_PrefabAsset: {fileID: 0}
  m_GameObject: {fileID: 2003075315}
  m_LocalRotation: {x: 0.06940828, y: 0, z: 0, w: 0.99758834}
  m_LocalPosition: {x: 0.71, y: 29.09, z: -53.83}
  m_LocalScale: {x: 1, y: 1, z: 1}
  m_Children: []
  m_Father: {fileID: 0}
  m_RootOrder: 0
  m_LocalEulerAnglesHint: {x: 7.96, y: 0, z: 0}
--- !u!1001 &2036678679
PrefabInstance:
  m_ObjectHideFlags: 0
  serializedVersion: 2
  m_Modification:
    m_TransformParent: {fileID: 743924940}
    m_Modifications:
    - target: {fileID: 2129029250111156249, guid: 0df97c2c2532248ebb057d285912131d,
        type: 3}
      propertyPath: m_RootOrder
      value: 4
      objectReference: {fileID: 0}
    - target: {fileID: 2129029250111156249, guid: 0df97c2c2532248ebb057d285912131d,
        type: 3}
      propertyPath: m_LocalScale.x
      value: 3.97
      objectReference: {fileID: 0}
    - target: {fileID: 2129029250111156249, guid: 0df97c2c2532248ebb057d285912131d,
        type: 3}
      propertyPath: m_LocalScale.y
      value: 16
      objectReference: {fileID: 0}
    - target: {fileID: 2129029250111156249, guid: 0df97c2c2532248ebb057d285912131d,
        type: 3}
      propertyPath: m_LocalScale.z
      value: 30
      objectReference: {fileID: 0}
    - target: {fileID: 2129029250111156249, guid: 0df97c2c2532248ebb057d285912131d,
        type: 3}
      propertyPath: m_LocalPosition.x
      value: -56.94
      objectReference: {fileID: 0}
    - target: {fileID: 2129029250111156249, guid: 0df97c2c2532248ebb057d285912131d,
        type: 3}
      propertyPath: m_LocalPosition.y
      value: 2.2
      objectReference: {fileID: 0}
    - target: {fileID: 2129029250111156249, guid: 0df97c2c2532248ebb057d285912131d,
        type: 3}
      propertyPath: m_LocalPosition.z
      value: 0.11
      objectReference: {fileID: 0}
    - target: {fileID: 2129029250111156249, guid: 0df97c2c2532248ebb057d285912131d,
        type: 3}
      propertyPath: m_LocalRotation.w
      value: 0.9172507
      objectReference: {fileID: 0}
    - target: {fileID: 2129029250111156249, guid: 0df97c2c2532248ebb057d285912131d,
        type: 3}
      propertyPath: m_LocalRotation.x
      value: 0.043023665
      objectReference: {fileID: 0}
    - target: {fileID: 2129029250111156249, guid: 0df97c2c2532248ebb057d285912131d,
        type: 3}
      propertyPath: m_LocalRotation.y
      value: -0.10322131
      objectReference: {fileID: 0}
    - target: {fileID: 2129029250111156249, guid: 0df97c2c2532248ebb057d285912131d,
        type: 3}
      propertyPath: m_LocalRotation.z
      value: 0.38228995
      objectReference: {fileID: 0}
    - target: {fileID: 2129029250111156249, guid: 0df97c2c2532248ebb057d285912131d,
        type: 3}
      propertyPath: m_LocalEulerAnglesHint.x
      value: 9.082001
      objectReference: {fileID: 0}
    - target: {fileID: 2129029250111156249, guid: 0df97c2c2532248ebb057d285912131d,
        type: 3}
      propertyPath: m_LocalEulerAnglesHint.y
      value: -9.117001
      objectReference: {fileID: 0}
    - target: {fileID: 2129029250111156249, guid: 0df97c2c2532248ebb057d285912131d,
        type: 3}
      propertyPath: m_LocalEulerAnglesHint.z
      value: 44.525
      objectReference: {fileID: 0}
    - target: {fileID: 2129029250111156253, guid: 0df97c2c2532248ebb057d285912131d,
        type: 3}
      propertyPath: m_Name
      value: Obstacle (4)
      objectReference: {fileID: 0}
    m_RemovedComponents: []
  m_SourcePrefab: {fileID: 100100000, guid: 0df97c2c2532248ebb057d285912131d, type: 3}
--- !u!1001 &2044660415
PrefabInstance:
  m_ObjectHideFlags: 0
  serializedVersion: 2
  m_Modification:
    m_TransformParent: {fileID: 743924940}
    m_Modifications:
    - target: {fileID: 2129029250111156249, guid: 0df97c2c2532248ebb057d285912131d,
        type: 3}
      propertyPath: m_RootOrder
      value: 0
      objectReference: {fileID: 0}
    - target: {fileID: 2129029250111156249, guid: 0df97c2c2532248ebb057d285912131d,
        type: 3}
      propertyPath: m_LocalScale.x
      value: 2
      objectReference: {fileID: 0}
    - target: {fileID: 2129029250111156249, guid: 0df97c2c2532248ebb057d285912131d,
        type: 3}
      propertyPath: m_LocalScale.y
      value: 15
      objectReference: {fileID: 0}
    - target: {fileID: 2129029250111156249, guid: 0df97c2c2532248ebb057d285912131d,
        type: 3}
      propertyPath: m_LocalScale.z
      value: 30
      objectReference: {fileID: 0}
    - target: {fileID: 2129029250111156249, guid: 0df97c2c2532248ebb057d285912131d,
        type: 3}
      propertyPath: m_LocalPosition.x
      value: -60.6
      objectReference: {fileID: 0}
    - target: {fileID: 2129029250111156249, guid: 0df97c2c2532248ebb057d285912131d,
        type: 3}
      propertyPath: m_LocalPosition.y
      value: 8.05
      objectReference: {fileID: 0}
    - target: {fileID: 2129029250111156249, guid: 0df97c2c2532248ebb057d285912131d,
        type: 3}
      propertyPath: m_LocalPosition.z
      value: 0
      objectReference: {fileID: 0}
    - target: {fileID: 2129029250111156249, guid: 0df97c2c2532248ebb057d285912131d,
        type: 3}
      propertyPath: m_LocalRotation.w
      value: 1
      objectReference: {fileID: 0}
    - target: {fileID: 2129029250111156249, guid: 0df97c2c2532248ebb057d285912131d,
        type: 3}
      propertyPath: m_LocalRotation.x
      value: -0
      objectReference: {fileID: 0}
    - target: {fileID: 2129029250111156249, guid: 0df97c2c2532248ebb057d285912131d,
        type: 3}
      propertyPath: m_LocalRotation.y
      value: -0
      objectReference: {fileID: 0}
    - target: {fileID: 2129029250111156249, guid: 0df97c2c2532248ebb057d285912131d,
        type: 3}
      propertyPath: m_LocalRotation.z
      value: -0
      objectReference: {fileID: 0}
    - target: {fileID: 2129029250111156249, guid: 0df97c2c2532248ebb057d285912131d,
        type: 3}
      propertyPath: m_LocalEulerAnglesHint.x
      value: 0
      objectReference: {fileID: 0}
    - target: {fileID: 2129029250111156249, guid: 0df97c2c2532248ebb057d285912131d,
        type: 3}
      propertyPath: m_LocalEulerAnglesHint.y
      value: 0
      objectReference: {fileID: 0}
    - target: {fileID: 2129029250111156249, guid: 0df97c2c2532248ebb057d285912131d,
        type: 3}
      propertyPath: m_LocalEulerAnglesHint.z
      value: 0
      objectReference: {fileID: 0}
    - target: {fileID: 2129029250111156253, guid: 0df97c2c2532248ebb057d285912131d,
        type: 3}
      propertyPath: m_Name
      value: Obstacle
      objectReference: {fileID: 0}
    m_RemovedComponents: []
  m_SourcePrefab: {fileID: 100100000, guid: 0df97c2c2532248ebb057d285912131d, type: 3}
--- !u!4 &2044660416 stripped
Transform:
  m_CorrespondingSourceObject: {fileID: 2129029250111156249, guid: 0df97c2c2532248ebb057d285912131d,
    type: 3}
  m_PrefabInstance: {fileID: 2044660415}
  m_PrefabAsset: {fileID: 0}
--- !u!1001 &2098787061
PrefabInstance:
  m_ObjectHideFlags: 0
  serializedVersion: 2
  m_Modification:
    m_TransformParent: {fileID: 743924940}
    m_Modifications:
    - target: {fileID: 2129029250111156249, guid: 0df97c2c2532248ebb057d285912131d,
        type: 3}
      propertyPath: m_RootOrder
      value: 2
      objectReference: {fileID: 0}
    - target: {fileID: 2129029250111156249, guid: 0df97c2c2532248ebb057d285912131d,
        type: 3}
      propertyPath: m_LocalScale.x
      value: 120
      objectReference: {fileID: 0}
    - target: {fileID: 2129029250111156249, guid: 0df97c2c2532248ebb057d285912131d,
        type: 3}
      propertyPath: m_LocalScale.y
      value: 3.03
      objectReference: {fileID: 0}
    - target: {fileID: 2129029250111156249, guid: 0df97c2c2532248ebb057d285912131d,
        type: 3}
      propertyPath: m_LocalScale.z
      value: 30
      objectReference: {fileID: 0}
    - target: {fileID: 2129029250111156249, guid: 0df97c2c2532248ebb057d285912131d,
        type: 3}
      propertyPath: m_LocalPosition.x
      value: 0
      objectReference: {fileID: 0}
    - target: {fileID: 2129029250111156249, guid: 0df97c2c2532248ebb057d285912131d,
        type: 3}
      propertyPath: m_LocalPosition.y
      value: 41.9
      objectReference: {fileID: 0}
    - target: {fileID: 2129029250111156249, guid: 0df97c2c2532248ebb057d285912131d,
        type: 3}
      propertyPath: m_LocalPosition.z
      value: 0
      objectReference: {fileID: 0}
    - target: {fileID: 2129029250111156249, guid: 0df97c2c2532248ebb057d285912131d,
        type: 3}
      propertyPath: m_LocalRotation.w
      value: 1
      objectReference: {fileID: 0}
    - target: {fileID: 2129029250111156249, guid: 0df97c2c2532248ebb057d285912131d,
        type: 3}
      propertyPath: m_LocalRotation.x
      value: 0
      objectReference: {fileID: 0}
    - target: {fileID: 2129029250111156249, guid: 0df97c2c2532248ebb057d285912131d,
        type: 3}
      propertyPath: m_LocalRotation.y
      value: 0
      objectReference: {fileID: 0}
    - target: {fileID: 2129029250111156249, guid: 0df97c2c2532248ebb057d285912131d,
        type: 3}
      propertyPath: m_LocalRotation.z
      value: 0
      objectReference: {fileID: 0}
    - target: {fileID: 2129029250111156249, guid: 0df97c2c2532248ebb057d285912131d,
        type: 3}
      propertyPath: m_LocalEulerAnglesHint.x
      value: 0
      objectReference: {fileID: 0}
    - target: {fileID: 2129029250111156249, guid: 0df97c2c2532248ebb057d285912131d,
        type: 3}
      propertyPath: m_LocalEulerAnglesHint.y
      value: 0
      objectReference: {fileID: 0}
    - target: {fileID: 2129029250111156249, guid: 0df97c2c2532248ebb057d285912131d,
        type: 3}
      propertyPath: m_LocalEulerAnglesHint.z
      value: 0
      objectReference: {fileID: 0}
    - target: {fileID: 2129029250111156253, guid: 0df97c2c2532248ebb057d285912131d,
        type: 3}
      propertyPath: m_Name
      value: Obstacle (2)
      objectReference: {fileID: 0}
    m_RemovedComponents: []
  m_SourcePrefab: {fileID: 100100000, guid: 0df97c2c2532248ebb057d285912131d, type: 3}
--- !u!4 &2105215104 stripped
Transform:
  m_CorrespondingSourceObject: {fileID: 2129029250111156249, guid: 0df97c2c2532248ebb057d285912131d,
    type: 3}
  m_PrefabInstance: {fileID: 2036678679}
  m_PrefabAsset: {fileID: 0}
--- !u!1001 &2131287697
PrefabInstance:
  m_ObjectHideFlags: 0
  serializedVersion: 2
  m_Modification:
    m_TransformParent: {fileID: 743924940}
    m_Modifications:
    - target: {fileID: 2129029250111156249, guid: 0df97c2c2532248ebb057d285912131d,
        type: 3}
      propertyPath: m_RootOrder
      value: 5
      objectReference: {fileID: 0}
    - target: {fileID: 2129029250111156249, guid: 0df97c2c2532248ebb057d285912131d,
        type: 3}
      propertyPath: m_LocalScale.x
      value: 20
      objectReference: {fileID: 0}
    - target: {fileID: 2129029250111156249, guid: 0df97c2c2532248ebb057d285912131d,
        type: 3}
      propertyPath: m_LocalScale.y
      value: 1
      objectReference: {fileID: 0}
    - target: {fileID: 2129029250111156249, guid: 0df97c2c2532248ebb057d285912131d,
        type: 3}
      propertyPath: m_LocalScale.z
      value: 14
      objectReference: {fileID: 0}
    - target: {fileID: 2129029250111156249, guid: 0df97c2c2532248ebb057d285912131d,
        type: 3}
      propertyPath: m_LocalPosition.x
      value: -45
      objectReference: {fileID: 0}
    - target: {fileID: 2129029250111156249, guid: 0df97c2c2532248ebb057d285912131d,
        type: 3}
      propertyPath: m_LocalPosition.y
      value: 0.6
      objectReference: {fileID: 0}
    - target: {fileID: 2129029250111156249, guid: 0df97c2c2532248ebb057d285912131d,
        type: 3}
      propertyPath: m_LocalPosition.z
      value: 0
      objectReference: {fileID: 0}
    - target: {fileID: 2129029250111156249, guid: 0df97c2c2532248ebb057d285912131d,
        type: 3}
      propertyPath: m_LocalRotation.w
      value: 1
      objectReference: {fileID: 0}
    - target: {fileID: 2129029250111156249, guid: 0df97c2c2532248ebb057d285912131d,
        type: 3}
      propertyPath: m_LocalRotation.x
      value: 0
      objectReference: {fileID: 0}
    - target: {fileID: 2129029250111156249, guid: 0df97c2c2532248ebb057d285912131d,
        type: 3}
      propertyPath: m_LocalRotation.y
      value: 0
      objectReference: {fileID: 0}
    - target: {fileID: 2129029250111156249, guid: 0df97c2c2532248ebb057d285912131d,
        type: 3}
      propertyPath: m_LocalRotation.z
      value: 0
      objectReference: {fileID: 0}
    - target: {fileID: 2129029250111156249, guid: 0df97c2c2532248ebb057d285912131d,
        type: 3}
      propertyPath: m_LocalEulerAnglesHint.x
      value: 0
      objectReference: {fileID: 0}
    - target: {fileID: 2129029250111156249, guid: 0df97c2c2532248ebb057d285912131d,
        type: 3}
      propertyPath: m_LocalEulerAnglesHint.y
      value: 0
      objectReference: {fileID: 0}
    - target: {fileID: 2129029250111156249, guid: 0df97c2c2532248ebb057d285912131d,
        type: 3}
      propertyPath: m_LocalEulerAnglesHint.z
      value: 0
      objectReference: {fileID: 0}
    - target: {fileID: 2129029250111156253, guid: 0df97c2c2532248ebb057d285912131d,
        type: 3}
      propertyPath: m_Name
      value: Obstacle (5)
      objectReference: {fileID: 0}
    m_RemovedComponents: []
  m_SourcePrefab: {fileID: 100100000, guid: 0df97c2c2532248ebb057d285912131d, type: 3}
--- !u!1001 &3679891184145661792
PrefabInstance:
  m_ObjectHideFlags: 0
  serializedVersion: 2
  m_Modification:
    m_TransformParent: {fileID: 0}
    m_Modifications:
    - target: {fileID: 3679891182509018528, guid: 1e00cf3a6f67d42dcafdd21eb907535a,
        type: 3}
      propertyPath: _rocket
      value: 
      objectReference: {fileID: 712812824}
    - target: {fileID: 3679891182509018530, guid: 1e00cf3a6f67d42dcafdd21eb907535a,
        type: 3}
      propertyPath: m_RootOrder
      value: 8
      objectReference: {fileID: 0}
    - target: {fileID: 3679891182509018530, guid: 1e00cf3a6f67d42dcafdd21eb907535a,
        type: 3}
      propertyPath: m_LocalPosition.x
      value: 0
      objectReference: {fileID: 0}
    - target: {fileID: 3679891182509018530, guid: 1e00cf3a6f67d42dcafdd21eb907535a,
        type: 3}
      propertyPath: m_LocalPosition.y
      value: 0
      objectReference: {fileID: 0}
    - target: {fileID: 3679891182509018530, guid: 1e00cf3a6f67d42dcafdd21eb907535a,
        type: 3}
      propertyPath: m_LocalPosition.z
      value: 0
      objectReference: {fileID: 0}
    - target: {fileID: 3679891182509018530, guid: 1e00cf3a6f67d42dcafdd21eb907535a,
        type: 3}
      propertyPath: m_LocalRotation.w
      value: 1
      objectReference: {fileID: 0}
    - target: {fileID: 3679891182509018530, guid: 1e00cf3a6f67d42dcafdd21eb907535a,
        type: 3}
      propertyPath: m_LocalRotation.x
      value: 0
      objectReference: {fileID: 0}
    - target: {fileID: 3679891182509018530, guid: 1e00cf3a6f67d42dcafdd21eb907535a,
        type: 3}
      propertyPath: m_LocalRotation.y
      value: 0
      objectReference: {fileID: 0}
    - target: {fileID: 3679891182509018530, guid: 1e00cf3a6f67d42dcafdd21eb907535a,
        type: 3}
      propertyPath: m_LocalRotation.z
      value: 0
      objectReference: {fileID: 0}
    - target: {fileID: 3679891182509018530, guid: 1e00cf3a6f67d42dcafdd21eb907535a,
        type: 3}
      propertyPath: m_LocalEulerAnglesHint.x
      value: 0
      objectReference: {fileID: 0}
    - target: {fileID: 3679891182509018530, guid: 1e00cf3a6f67d42dcafdd21eb907535a,
        type: 3}
      propertyPath: m_LocalEulerAnglesHint.y
      value: 0
      objectReference: {fileID: 0}
    - target: {fileID: 3679891182509018530, guid: 1e00cf3a6f67d42dcafdd21eb907535a,
        type: 3}
      propertyPath: m_LocalEulerAnglesHint.z
      value: 0
      objectReference: {fileID: 0}
    - target: {fileID: 3679891182509018591, guid: 1e00cf3a6f67d42dcafdd21eb907535a,
        type: 3}
      propertyPath: m_Name
      value: SoundPlayer
      objectReference: {fileID: 0}
    m_RemovedComponents: []
  m_SourcePrefab: {fileID: 100100000, guid: 1e00cf3a6f67d42dcafdd21eb907535a, type: 3}
--- !u!1001 &8020304253154203536
PrefabInstance:
  m_ObjectHideFlags: 0
  serializedVersion: 2
  m_Modification:
    m_TransformParent: {fileID: 0}
    m_Modifications:
    - target: {fileID: 1488399761238771070, guid: d8487759ba8de423f88899943e667988,
        type: 3}
      propertyPath: m_Name
      value: ParticleEmitter
      objectReference: {fileID: 0}
    - target: {fileID: 3565708931376058373, guid: d8487759ba8de423f88899943e667988,
        type: 3}
      propertyPath: _death
      value: 
      objectReference: {fileID: 198204746014789312, guid: ab79a37535b979f48b6de56e3a0a5cb0,
        type: 3}
    - target: {fileID: 3565708931376058373, guid: d8487759ba8de423f88899943e667988,
        type: 3}
      propertyPath: _engine
      value: 
      objectReference: {fileID: 198100719057022332, guid: a3553fd250eb92d4091bebde350c6739,
        type: 3}
    - target: {fileID: 3565708931376058373, guid: d8487759ba8de423f88899943e667988,
        type: 3}
      propertyPath: _rocket
      value: 
      objectReference: {fileID: 712812824}
    - target: {fileID: 3565708931376058373, guid: d8487759ba8de423f88899943e667988,
        type: 3}
      propertyPath: _success
      value: 
      objectReference: {fileID: 198631066050499358, guid: 62198a3a5dbb64a4f9e1618929224faa,
        type: 3}
    - target: {fileID: 4224743221809107965, guid: d8487759ba8de423f88899943e667988,
        type: 3}
      propertyPath: m_RootOrder
      value: 9
      objectReference: {fileID: 0}
    - target: {fileID: 4224743221809107965, guid: d8487759ba8de423f88899943e667988,
        type: 3}
      propertyPath: m_LocalPosition.x
      value: 0
      objectReference: {fileID: 0}
    - target: {fileID: 4224743221809107965, guid: d8487759ba8de423f88899943e667988,
        type: 3}
      propertyPath: m_LocalPosition.y
      value: 0
      objectReference: {fileID: 0}
    - target: {fileID: 4224743221809107965, guid: d8487759ba8de423f88899943e667988,
        type: 3}
      propertyPath: m_LocalPosition.z
      value: 0
      objectReference: {fileID: 0}
    - target: {fileID: 4224743221809107965, guid: d8487759ba8de423f88899943e667988,
        type: 3}
      propertyPath: m_LocalRotation.w
      value: 1
      objectReference: {fileID: 0}
    - target: {fileID: 4224743221809107965, guid: d8487759ba8de423f88899943e667988,
        type: 3}
      propertyPath: m_LocalRotation.x
      value: 0
      objectReference: {fileID: 0}
    - target: {fileID: 4224743221809107965, guid: d8487759ba8de423f88899943e667988,
        type: 3}
      propertyPath: m_LocalRotation.y
      value: 0
      objectReference: {fileID: 0}
    - target: {fileID: 4224743221809107965, guid: d8487759ba8de423f88899943e667988,
        type: 3}
      propertyPath: m_LocalRotation.z
      value: 0
      objectReference: {fileID: 0}
    - target: {fileID: 4224743221809107965, guid: d8487759ba8de423f88899943e667988,
        type: 3}
      propertyPath: m_LocalEulerAnglesHint.x
      value: 0
      objectReference: {fileID: 0}
    - target: {fileID: 4224743221809107965, guid: d8487759ba8de423f88899943e667988,
        type: 3}
      propertyPath: m_LocalEulerAnglesHint.y
      value: 0
      objectReference: {fileID: 0}
    - target: {fileID: 4224743221809107965, guid: d8487759ba8de423f88899943e667988,
        type: 3}
      propertyPath: m_LocalEulerAnglesHint.z
      value: 0
      objectReference: {fileID: 0}
    m_RemovedComponents: []
  m_SourcePrefab: {fileID: 100100000, guid: d8487759ba8de423f88899943e667988, type: 3}
--- !u!1001 &8869188320528857588
PrefabInstance:
  m_ObjectHideFlags: 0
  serializedVersion: 2
  m_Modification:
    m_TransformParent: {fileID: 0}
    m_Modifications:
    - target: {fileID: 2482074993312619777, guid: 0b722095346264ee78ae0bbb11a3fe57,
        type: 3}
      propertyPath: _rocket
      value: 
      objectReference: {fileID: 712812824}
    - target: {fileID: 3583094612192113934, guid: 0b722095346264ee78ae0bbb11a3fe57,
        type: 3}
      propertyPath: m_RootOrder
      value: 10
      objectReference: {fileID: 0}
    - target: {fileID: 3583094612192113934, guid: 0b722095346264ee78ae0bbb11a3fe57,
        type: 3}
      propertyPath: m_LocalPosition.x
      value: 0
      objectReference: {fileID: 0}
    - target: {fileID: 3583094612192113934, guid: 0b722095346264ee78ae0bbb11a3fe57,
        type: 3}
      propertyPath: m_LocalPosition.y
      value: 0
      objectReference: {fileID: 0}
    - target: {fileID: 3583094612192113934, guid: 0b722095346264ee78ae0bbb11a3fe57,
        type: 3}
      propertyPath: m_LocalPosition.z
      value: 0
      objectReference: {fileID: 0}
    - target: {fileID: 3583094612192113934, guid: 0b722095346264ee78ae0bbb11a3fe57,
        type: 3}
      propertyPath: m_LocalRotation.w
      value: 1
      objectReference: {fileID: 0}
    - target: {fileID: 3583094612192113934, guid: 0b722095346264ee78ae0bbb11a3fe57,
        type: 3}
      propertyPath: m_LocalRotation.x
      value: 0
      objectReference: {fileID: 0}
    - target: {fileID: 3583094612192113934, guid: 0b722095346264ee78ae0bbb11a3fe57,
        type: 3}
      propertyPath: m_LocalRotation.y
      value: 0
      objectReference: {fileID: 0}
    - target: {fileID: 3583094612192113934, guid: 0b722095346264ee78ae0bbb11a3fe57,
        type: 3}
      propertyPath: m_LocalRotation.z
      value: 0
      objectReference: {fileID: 0}
    - target: {fileID: 3583094612192113934, guid: 0b722095346264ee78ae0bbb11a3fe57,
        type: 3}
      propertyPath: m_LocalEulerAnglesHint.x
      value: 0
      objectReference: {fileID: 0}
    - target: {fileID: 3583094612192113934, guid: 0b722095346264ee78ae0bbb11a3fe57,
        type: 3}
      propertyPath: m_LocalEulerAnglesHint.y
      value: 0
      objectReference: {fileID: 0}
    - target: {fileID: 3583094612192113934, guid: 0b722095346264ee78ae0bbb11a3fe57,
        type: 3}
      propertyPath: m_LocalEulerAnglesHint.z
      value: 0
      objectReference: {fileID: 0}
    - target: {fileID: 8628935266262836831, guid: 0b722095346264ee78ae0bbb11a3fe57,
        type: 3}
      propertyPath: m_Name
      value: LevelLoader
      objectReference: {fileID: 0}
    m_RemovedComponents: []
  m_SourcePrefab: {fileID: 100100000, guid: 0b722095346264ee78ae0bbb11a3fe57, type: 3}
